@misc{ObjectsOurLife,
  title = {Objects of {{Our Life}}},
  author = {Steve Jobs},
  journal = {Steve Jobs Archive},
  urldate = {2024-07-26},
  abstract = {Exclusive video footage of Steve Jobs talking about his design vision and philosophy and how design worked at Apple.},
  url = {https://stevejobsarchive.com/exhibits/objects-of-our-life},
  langid = {english}
}
