@article{mellNISTDefinitionCloud,
  keywords     = {primary},
  title        = {{The NIST Definition of Cloud Computing}},
  author       = {Peter Mell and Timothy Grance},
  year         = 2011,
  month        = sep,
  journal      = {National Institute of Standards and Technology Special Publication 800-145},
  doi          = {10.6028/NIST.SP.800-145},
  url          = {https://doi.org/10.6028/NIST.SP.800-145},
  langid       = {english}
}
@article{jonasCloudProgrammingSimplified2019,
  title        = {{Cloud Programming Simplified: A Berkeley View on Serverless Computing}},
  author       = {Eric Jonas and Johann Schleier{-}Smith and Vikram Sreekanti and Chia{-}che Tsai and Anurag Khandelwal and Qifan Pu and Vaishaal Shankar and Jo{\~{a}}o Carreira and Karl Krauth and Neeraja Jayant Yadwadkar and Joseph E. Gonzalez and Raluca Ada Popa and Ion Stoica and David A. Patterson},
  year         = 2019,
  journal      = {CoRR},
  volume       = {abs/1902.03383},
  url          = {http://arxiv.org/abs/1902.03383},
  eprinttype   = {arXiv},
  eprint       = {1902.03383},
  timestamp    = {Mon, 31 Jan 2022 16:34:15 +0100},
  biburl       = {https://dblp.org/rec/journals/corr/abs-1902-03383.bib},
  bibsource    = {dblp computer science bibliography, https://dblp.org}
}
@article{SchleierSmith2021WhatSC,
  title        = {{What Serverless Computing is and Should Become: The next Phase of Cloud Computing}},
  author       = {Schleier-Smith, Johann and Sreekanti, Vikram and Khandelwal, Anurag and Carreira, Joao and Yadwadkar, Neeraja J. and Popa, Raluca Ada and Gonzalez, Joseph E. and Stoica, Ion and Patterson, David A.},
  year         = 2021,
  month        = apr,
  journal      = {Commun. ACM},
  publisher    = {Association for Computing Machinery},
  address      = {New York, NY, USA},
  volume       = 64,
  number       = 5,
  pages        = {76–84},
  doi          = {10.1145/3406011},
  issn         = {0001-0782},
  url          = {https://doi.org/10.1145/3406011},
  issue_date   = {May 2021},
  numpages     = 9
}
@inproceedings{vaneykSPECRGCloud2018,
  title        = {{A SPEC RG Cloud Group's Vision on the Performance Challenges of FaaS Cloud Architectures}},
  author       = {{van Eyk}, Erwin and Iosup, Alexandru and Abad, Cristina L. and Grohmann, Johannes and Eismann, Simon},
  year         = 2018,
  month        = apr,
  booktitle    = {Companion of the 2018 {{ACM}}/{{SPEC International Conference}} on {{Performance Engineering}}},
  publisher    = {ACM},
  address      = {Berlin Germany},
  pages        = {21--24},
  doi          = {10.1145/3185768.3186308},
  isbn         = {978-1-4503-5629-9},
  url          = {https://doi.org/10.1145/3185768.3186308},
  langid       = {english}
}
@inproceedings{khandelwalTaureauDeconstructingServerless2020,
  title        = {{Le Taureau: Deconstructing the Serverless Landscape \& A Look Forward}},
  shorttitle   = {Le {{Taureau}}},
  author       = {Khandelwal, Anurag and Kejariwal, Arun and Ramasamy, Karthikeyan},
  year         = 2020,
  month        = jun,
  booktitle    = {Proceedings of the 2020 {{ACM SIGMOD International Conference}} on {{Management}} of {{Data}}},
  publisher    = {ACM},
  address      = {Portland OR USA},
  pages        = {2641--2650},
  doi          = {10.1145/3318464.3383130},
  isbn         = {978-1-4503-6735-6},
  url          = {https://doi.org/10.1145/3318464.3383130},
  langid       = {english}
}
@article{shafieiServerlessComputingSurvey2021,
  title        = {{Serverless Computing: A Survey of Opportunities, Challenges, and Applications}},
  author       = {Shafiei, Hossein and Khonsari, Ahmad and Mousavi, Payam},
  year         = 2022,
  month        = jan,
  journal      = {ACM Comput. Surv.},
  publisher    = {Association for Computing Machinery},
  address      = {New York, NY, USA},
  doi          = {10.1145/3510611},
  issn         = {0360-0300},
  url          = {https://doi.org/10.1145/3510611},
  note         = {Just Accepted}
}
@article{hassanSurveyServerlessComputing2021,
  title        = {{Survey on Serverless Computing}},
  author       = {Hassan, Hassan B. and Barakat, Saman A. and Sarhan, Qusay I.},
  year         = 2021,
  month        = dec,
  journal      = {Journal of Cloud Computing},
  volume       = 10,
  number       = 1,
  pages        = 39,
  doi          = {10.1186/s13677-021-00253-7},
  issn         = {2192-113X},
  url          = {https://doi.org/10.1186/s13677-021-00253-7},
  langid       = {english}
}
@inproceedings{hellersteinServerlessComputingOne2019,
  title        = {{Serverless Computing: One Step Forward, Two Steps Back}},
  author       = {Joseph M. Hellerstein and Jose M. Faleiro and Joseph Gonzalez and Johann Schleier{-}Smith and Vikram Sreekanti and Alexey Tumanov and Chenggang Wu},
  year         = 2019,
  booktitle    = {9th Biennial Conference on Innovative Data Systems Research, {CIDR} 2019, Asilomar, CA, USA, January 13-16, 2019, Online Proceedings},
  publisher    = {www.cidrdb.org},
  url          = {http://cidrdb.org/cidr2019/papers/p119-hellerstein-cidr19.pdf},
  timestamp    = {Tue, 23 Mar 2021 15:36:39 +0100},
  biburl       = {https://dblp.org/rec/conf/cidr/HellersteinFGSS19.bib},
  bibsource    = {dblp computer science bibliography, https://dblp.org},
  langid       = {english}
}
@inproceedings{vahidiniaColdStartServerless2020,
  title        = {{Cold Start in Serverless Computing: Current Trends and Mitigation Strategies}},
  shorttitle   = {Cold {{Start}} in {{Serverless Computing}}},
  author       = {Vahidinia, Parichehr and Farahani, Bahar and Aliee, Fereidoon Shams},
  year         = 2020,
  month        = aug,
  booktitle    = {2020 {{International Conference}} on {{Omni-layer Intelligent Systems}} ({{COINS}})},
  publisher    = {IEEE},
  address      = {Barcelona, Spain},
  pages        = {1--7},
  doi          = {10.1109/COINS49042.2020.9191377},
  isbn         = {978-1-72816-371-0},
  url          = {https://doi.org/10.1109/COINS49042.2020.9191377},
  langid       = {english}
}
@inproceedings{mancoMyVMLighter2017,
  title        = {{My VM is Lighter (and Safer) than Your Container}},
  author       = {Manco, Filipe and Lupu, Costin and Schmidt, Florian and Mendes, Jose and Kuenzer, Simon and Sati, Sumit and Yasukata, Kenichi and Raiciu, Costin and Huici, Felipe},
  year         = 2017,
  booktitle    = {Proceedings of the 26th Symposium on Operating Systems Principles},
  location     = {Shanghai, China},
  publisher    = {Association for Computing Machinery},
  address      = {New York, NY, USA},
  series       = {SOSP '17},
  pages        = {218–233},
  doi          = {10.1145/3132747.3132763},
  isbn         = 9781450350853,
  url          = {https://doi.org/10.1145/3132747.3132763},
  numpages     = 16
}
@inproceedings{agacheFirecrackerLightweightVirtualization,
  title        = {{Firecracker: Lightweight Virtualization for Serverless Applications}},
  author       = {Alexandru Agache and Marc Brooker and Alexandra Iordache and Anthony Liguori and Rolf Neugebauer and Phil Piwonka and Diana-Maria Popa},
  year         = 2020,
  month        = feb,
  booktitle    = {17th USENIX Symposium on Networked Systems Design and Implementation (NSDI 20)},
  publisher    = {USENIX Association},
  address      = {Santa Clara, CA},
  pages        = {419--434},
  isbn         = {978-1-939133-13-7},
  url          = {https://www.usenix.org/conference/nsdi20/presentation/agache}
}
@inproceedings{oakesSOCKRapidTask,
  title        = {{SOCK: Rapid Task Provisioning with Serverless-Optimized Containers}},
  author       = {Edward Oakes and Leon Yang and Dennis Zhou and Kevin Houck and Tyler Harter and Andrea Arpaci-Dusseau and Remzi Arpaci-Dusseau},
  year         = 2018,
  month        = jul,
  booktitle    = {2018 USENIX Annual Technical Conference (USENIX ATC 18)},
  publisher    = {USENIX Association},
  address      = {Boston, MA},
  pages        = {57--70},
  isbn         = {978-1-931971-44-7},
  url          = {https://www.usenix.org/conference/atc18/presentation/oakes}
}
@inproceedings{akkusSANDHighPerformanceServerless,
  title        = {{SAND: Towards High-Performance Serverless Computing}},
  author       = {Akkus, Istemi Ekin and Chen, Ruichuan and Rimac, Ivica and Stein, Manuel and Satzke, Klaus and Beck, Andre and Aditya, Paarijaat and Hilt, Volker},
  year         = 2018,
  booktitle    = {Proceedings of the 2018 USENIX Conference on Usenix Annual Technical Conference},
  location     = {Boston, MA, USA},
  publisher    = {USENIX Association},
  address      = {USA},
  series       = {USENIX ATC '18},
  pages        = {923–935},
  doi          = {10.5555/3277355.3277444},
  isbn         = 9781931971447,
  url          = {https://dl.acm.org/doi/10.5555/3277355.3277444},
  numpages     = 13
}
@inproceedings{duCatalyzerSubmillisecondStartup2020,
  title        = {{Catalyzer: Sub-millisecond Startup for Serverless Computing with Initialization-less Booting}},
  shorttitle   = {Catalyzer},
  author       = {Du, Dong and Yu, Tianyi and Xia, Yubin and Zang, Binyu and Yan, Guanglu and Qin, Chenggang and Wu, Qixuan and Chen, Haibo},
  year         = 2020,
  month        = mar,
  booktitle    = {Proceedings of the {{Twenty-Fifth International Conference}} on {{Architectural Support}} for {{Programming Languages}} and {{Operating Systems}}},
  publisher    = {ACM},
  address      = {Lausanne Switzerland},
  pages        = {467--481},
  doi          = {10.1145/3373376.3378512},
  isbn         = {978-1-4503-7102-5},
  url          = {https://doi.org/10.1145/3373376.3378512},
  langid       = {english}
}
@inproceedings{ustiugovBenchmarkingAnalysisOptimization2021,
  title        = {{Benchmarking, Analysis, and Optimization of Serverless Function Snapshots}},
  author       = {Ustiugov, Dmitrii and Petrov, Plamen and Kogias, Marios and Bugnion, Edouard and Grot, Boris},
  year         = 2021,
  month        = apr,
  booktitle    = {Proceedings of the 26th {{ACM International Conference}} on {{Architectural Support}} for {{Programming Languages}} and {{Operating Systems}}},
  publisher    = {ACM},
  address      = {Virtual USA},
  pages        = {559--572},
  doi          = {10.1145/3445814.3446714},
  isbn         = {978-1-4503-8317-2},
  url          = {https://doi.org/10.1145/3445814.3446714},
  langid       = {english}
}
@inbook{shillakerFaasmLightweightIsolation2020,
  title        = {{FAASM: Lightweight Isolation for Efficient Stateful Serverless Computing}},
  author       = {Shillaker, Simon and Pietzuch, Peter},
  year         = 2020,
  booktitle    = {Proceedings of the 2020 USENIX Conference on Usenix Annual Technical Conference},
  publisher    = {USENIX Association},
  address      = {USA},
  doi          = {10.5555/3489146.3489174},
  isbn         = {978-1-939133-14-4},
  url          = {https://dl.acm.org/doi/abs/10.5555/3489146.3489174},
  articleno    = 28,
  numpages     = 15
}
@inproceedings{fuerstFaasCacheKeepingServerless2021,
  title        = {{FaasCache: Keeping Serverless Computing Alive with Greedy-Dual Caching}},
  shorttitle   = {{{FaasCache}}},
  author       = {Fuerst, Alexander and Sharma, Prateek},
  year         = 2021,
  month        = apr,
  booktitle    = {Proceedings of the 26th {{ACM International Conference}} on {{Architectural Support}} for {{Programming Languages}} and {{Operating Systems}}},
  publisher    = {ACM},
  address      = {Virtual USA},
  pages        = {386--400},
  doi          = {10.1145/3445814.3446757},
  isbn         = {978-1-4503-8317-2},
  url          = {https://doi.org/10.1145/3445814.3446757},
  langid       = {english}
}
@article{Jiang2021TowardsDS,
  title        = {{Towards Demystifying Serverless Machine Learning Training}},
  author       = {Jiawei Jiang and Shaoduo Gan and Yue Liu and Fanlin Wang and Gustavo Alonso and Ana Klimovic and Ankit Singla and Wentao Wu and Ce Zhang},
  year         = 2021,
  month        = jun,
  journal      = {Proceedings of the 2021 International Conference on Management of Data},
  doi          = {10.1145/3448016.3459240},
  url          = {https://doi.org/10.1145/3448016.3459240},
  langid       = {english}
}
@inproceedings{mullerLambadaInteractiveData2020,
  title        = {{Lambada: Interactive Data Analytics on Cold Data Using Serverless Cloud Infrastructure}},
  shorttitle   = {Lambada},
  author       = {M{\"u}ller, Ingo and Marroqu{\'i}n, Renato and Alonso, Gustavo},
  year         = 2020,
  month        = jun,
  booktitle    = {Proceedings of the 2020 {{ACM SIGMOD International Conference}} on {{Management}} of {{Data}}},
  publisher    = {ACM},
  address      = {Portland OR USA},
  pages        = {115--130},
  doi          = {10.1145/3318464.3389758},
  isbn         = {978-1-4503-6735-6},
  url          = {https://doi.org/10.1145/3318464.3389758},
  langid       = {english}
}
@inproceedings{wuTransactionalCausalConsistency2020,
  title        = {{Transactional Causal Consistency for Serverless Computing}},
  author       = {Wu, Chenggang and Sreekanti, Vikram and Hellerstein, Joseph M.},
  year         = 2020,
  month        = jun,
  booktitle    = {Proceedings of the 2020 {{ACM SIGMOD International Conference}} on {{Management}} of {{Data}}},
  publisher    = {ACM},
  address      = {Portland OR USA},
  pages        = {83--97},
  doi          = {10.1145/3318464.3389710},
  isbn         = {978-1-4503-6735-6},
  url          = {https://doi.org/10.1145/3318464.3389710},
  langid       = {english}
}
@inproceedings{poppe2022moneyball,
  title        = {{Moneyball: Proactive Auto-Scaling in Microsoft Azure SQL Database Serverless}},
  author       = {Poppe, Olga and Guo, Qun and Lang, Willis and Arora, Pankaj and Oslake, Morgan and Xu, Shize and Kalhan, Ajay},
  year         = 2022,
  month        = jan,
  booktitle    = {VLDB},
  publisher    = {ACM},
  pages        = {1279--1287},
  doi          = {10.14778/3514061.3514073},
  url          = {https://www.microsoft.com/en-us/research/publication/moneyball-proactive-auto-scaling-in-microsoft-azure-sql-database-serverless/}
}
@article{Sreekanti2020CloudburstSF,
  title        = {{Cloudburst: Stateful Functions-as-a-Service}},
  author       = {Vikram Sreekanti and Chenggang Wu and Xiayue Charles Lin and Johann Schleier-Smith and Jose M. Faleiro and Joseph E. Gonzalez and Joseph M. Hellerstein and Alexey Tumanov},
  year         = 2020,
  journal      = {Proc. VLDB Endow.},
  volume       = 13,
  pages        = {2438--2452},
  doi          = {10.14778/3407790.3407836},
  url          = {https://doi.org/10.14778/3407790.3407836}
}
@article{Perron2020StarlingAS,
  title        = {{Starling: A Scalable Query Engine on Cloud Functions}},
  author       = {Matthew Perron and Raul Castro Fernandez and David J. DeWitt and Samuel Madden},
  year         = 2020,
  journal      = {Proceedings of the 2020 ACM SIGMOD International Conference on Management of Data},
  doi          = {10.1145/3318464.3380609},
  url          = {https://doi.org/10.1145/3318464.3380609}
}
@article{Romero2021FaaTAT,
  title        = {{Faa\$T: A Transparent Auto-Scaling Cache for Serverless Applications}},
  author       = {Francisco Romero and Gohar Irfan Chaudhry and {\'I}{\~n}igo Goiri and Pragna Gopa and Paul Batum and Neeraja Jayant Yadwadkar and Rodrigo Fonseca and Christoforos E. Kozyrakis and Ricardo Bianchini},
  year         = 2021,
  journal      = {Proceedings of the ACM Symposium on Cloud Computing},
  doi          = {10.1145/3472883.3486974},
  url          = {https://10.1145/3472883.3486974}
}
@article{Wu2018AnnaAK,
  title        = {{Anna: A KVS for Any Scale}},
  author       = {Chenggang Wu and Jose M. Faleiro and Yihan Lin and Joseph M. Hellerstein},
  year         = 2018,
  journal      = {2018 IEEE 34th International Conference on Data Engineering (ICDE)},
  pages        = {401--412},
  doi          = {10.1109/TKDE.2019.2898401},
  url          = {https://doi.org/10.1109/TKDE.2019.2898401}
}
@article{Klimovic2018PocketEE,
  title        = {{Pocket: Elastic Ephemeral Storage for Serverless Analytics}},
  author       = {Ana Klimovic and Ya-wen Wang and Patrick Stuedi and Animesh Kr Trivedi and Jonas Pfefferle and Christoforos E. Kozyrakis},
  year         = 2018,
  journal      = {login Usenix Mag.},
  volume       = 44,
  doi          = {10.5555/3291168.3291200},
  url          = {https://www.usenix.org/conference/osdi18/presentation/klimovic}
}
@article{Chen2020FlatStoreAE,
  title        = {{FlatStore: An Efficient Log-Structured Key-Value Storage Engine for Persistent Memory}},
  author       = {Youmin Chen and Youyou Lu and Fan Yang and Qing Wang and Yang Wang and Jiwu Shu},
  year         = 2020,
  journal      = {Proceedings of the Twenty-Fifth International Conference on Architectural Support for Programming Languages and Operating Systems},
  doi          = {10.1145/3373376.3378515},
  url          = {https://doi.org/10.1145/3373376.3378515}
}
@inproceedings{vilanovaSlashingDisaggregationTax2022,
  title        = {{Slashing the Disaggregation Tax in Heterogeneous Data Centers with FractOS}},
  author       = {Vilanova, Llu{\'i}s and Maudlej, Lina and Bergman, Shai and Miemietz, Till and Hille, Matthias and Asmussen, Nils and Roitzsch, Michael and H{\"a}rtig, Hermann and Silberstein, Mark},
  year         = 2022,
  month        = mar,
  booktitle    = {Proceedings of the {{Seventeenth European Conference}} on {{Computer Systems}}},
  publisher    = {ACM},
  address      = {Rennes France},
  pages        = {352--367},
  doi          = {10.1145/3492321.3519569},
  isbn         = {978-1-4503-9162-7},
  url          = {https://doi.org/10.1145/3492321.3519569},
  langid       = {english}
}
@inproceedings{diamantopoulosAccelerationasauServiceCloudnativeMonteCarlo2021,
  title        = {{Acceleration-as-a-\textmu Service: A Cloud-native Monte-Carlo Option Pricing Engine on CPUs, GPUs and Disaggregated FPGAs}},
  shorttitle   = {Acceleration-as-a-{{\textmu Service}}},
  author       = {Diamantopoulos, Dionysios and Polig, Raphael and Ringlein, Burkhard and Purandare, Mitra and Weiss, Beat and Hagleitner, Christoph and Lantz, Mark and Abel, Francois},
  year         = 2021,
  month        = sep,
  booktitle    = {2021 {{IEEE}} 14th {{International Conference}} on {{Cloud Computing}} ({{CLOUD}})},
  publisher    = {IEEE},
  address      = {Chicago, IL, USA},
  pages        = {726--729},
  doi          = {10.1109/CLOUD53861.2021.00096},
  isbn         = {978-1-66540-060-2},
  url          = {https://doi.org/10.1109/CLOUD53861.2021.00096},
  langid       = {english}
}
@inproceedings{bacisBlastFunctionFPGAasaServiceSystem2020,
  title        = {{BlastFunction: An FPGA-as-a-Service System for Accelerated Serverless Computing}},
  shorttitle   = {{{BlastFunction}}},
  author       = {Bacis, Marco and Brondolin, Rolando and Santambrogio, Marco D.},
  year         = 2020,
  month        = mar,
  booktitle    = {2020 {{Design}}, {{Automation}} \& {{Test}} in {{Europe Conference}} \& {{Exhibition}} ({{DATE}})},
  publisher    = {IEEE},
  address      = {Grenoble, France},
  pages        = {852--857},
  doi          = {10.23919/DATE48585.2020.9116333},
  isbn         = {978-3-9819263-4-7},
  url          = {https://doi.org/10.23919/DATE48585.2020.9116333},
  langid       = {english}
}
@inproceedings{hortaXartrekRuntimeExecution2021,
  title        = {{Xar-Trek: Run-Time Execution Migration among FPGAs and Heterogeneous-ISA CPUs}},
  shorttitle   = {Xar-Trek},
  author       = {Horta, Edson and Chuang, Ho-Ren and VSathish, Naarayanan Rao and Philippidis, Cesar and Barbalace, Antonio and Olivier, Pierre and Ravindran, Binoy},
  year         = 2021,
  month        = dec,
  booktitle    = {Proceedings of the 22nd {{International Middleware Conference}}},
  publisher    = {ACM},
  address      = {Qu\'ebec city Canada},
  pages        = {104--118},
  doi          = {10.1145/3464298.3493388},
  isbn         = {978-1-4503-8534-3},
  url          = {https://doi.org/10.1145/3464298.3493388},
  langid       = {english}
}
@article{Izraelevitz2019BasicPM,
  title        = {{Basic Performance Measurements of the Intel Optane DC Persistent Memory Module}},
  author       = {Joseph Izraelevitz and Jian Yang and Lu Zhang and Juno Kim and Xiao Liu and Amirsaman Memaripour and Yun Joon Soh and Zixuan Wang and Yi Xu and Subramanya R. Dulloor and Jishen Zhao and Steven Swanson},
  year         = 2019,
  journal      = {ArXiv},
  volume       = {abs/1903.05714},
  url          = {https://dblp.uni-trier.de/rec/journals/corr/abs-1903-05714.html}
}
@article{Anjali2020BlendingCA,
  title        = {{Blending Containers and Virtual Machines: A Study of Firecracker and gVisor}},
  author       = {Anjali and Tyler Caraza-Harter and Michael M. Swift},
  year         = 2020,
  journal      = {Proceedings of the 16th ACM SIGPLAN/SIGOPS International Conference on Virtual Execution Environments},
  doi          = {10.1145/3381052.3381315},
  url          = {https://doi.org/10.1145/3381052.3381315}
}
@inproceedings{kuenzerUnikraftFastSpecialized2021a,
  title        = {{Unikraft: Fast, Specialized Unikernels the Easy Way}},
  shorttitle   = {Unikraft},
  author       = {Kuenzer, Simon and B{\u a}doiu, Vlad-Andrei and Lefeuvre, Hugo and Santhanam, Sharan and Jung, Alexander and Gain, Gaulthier and Soldani, Cyril and Lupu, Costin and Teodorescu, {\c S}tefan and R{\u a}ducanu, Costi and Banu, Cristian and Mathy, Laurent and Deaconescu, R{\u a}zvan and Raiciu, Costin and Huici, Felipe},
  year         = 2021,
  month        = apr,
  booktitle    = {Proceedings of the {{Sixteenth European Conference}} on {{Computer Systems}}},
  publisher    = {ACM},
  address      = {Online Event United Kingdom},
  pages        = {376--394},
  doi          = {10.1145/3447786.3456248},
  isbn         = {978-1-4503-8334-9},
  url          = {https://doi.org/10.1145/3447786.3456248},
  langid       = {english}
}
@inproceedings{caddenSEUSSSkipRedundant2020,
  title        = {{SEUSS: Skip Redundant Paths to Make Serverless Fast}},
  shorttitle   = {{{SEUSS}}},
  author       = {Cadden, James and Unger, Thomas and Awad, Yara and Dong, Han and Krieger, Orran and Appavoo, Jonathan},
  year         = 2020,
  month        = apr,
  booktitle    = {Proceedings of the {{Fifteenth European Conference}} on {{Computer Systems}}},
  publisher    = {ACM},
  address      = {Heraklion Greece},
  pages        = {1--15},
  doi          = {10.1145/3342195.3392698},
  isbn         = {978-1-4503-6882-7},
  url          = {https://doi.org/10.1145/3342195.3392698},
  langid       = {english}
}
@inproceedings{tanLightweightServerlessComputing2020,
  title        = {{Towards Lightweight Serverless Computing via Unikernel as a Function}},
  author       = {Tan, Bo and Liu, Haikun and Rao, Jia and Liao, Xiaofei and Jin, Hai and Zhang, Yu},
  year         = 2020,
  month        = jun,
  booktitle    = {2020 {{IEEE}}/{{ACM}} 28th {{International Symposium}} on {{Quality}} of {{Service}} ({{IWQoS}})},
  publisher    = {IEEE},
  address      = {Hang Zhou, China},
  pages        = {1--10},
  doi          = {10.1109/IWQoS49365.2020.9213020},
  isbn         = {978-1-72816-887-6},
  url          = {https://doi.org/10.1109/IWQoS49365.2020.9213020},
  langid       = {english}
}
@inproceedings{wanningerIsolatingFunctionsHardware2022a,
  title        = {{Isolating Functions at the Hardware Limit with Virtines}},
  author       = {Wanninger, Nicholas C. and Bowden, Joshua J. and Shetty, Kirtankumar and Garg, Ayush and Hale, Kyle C.},
  year         = 2022,
  month        = mar,
  booktitle    = {Proceedings of the {{Seventeenth European Conference}} on {{Computer Systems}}},
  publisher    = {ACM},
  address      = {Rennes France},
  pages        = {644--662},
  doi          = {10.1145/3492321.3519553},
  isbn         = {978-1-4503-9162-7},
  url          = {https://doi.org/10.1145/3492321.3519553},
  langid       = {english}
}
@inproceedings{zhangKappaProgrammingFramework2020,
  title        = {{Kappa: A Programming Framework for Serverless Computing}},
  author       = {Zhang, Wen and Fang, Vivian and Panda, Aurojit and Shenker, Scott},
  year         = 2020,
  booktitle    = {Proceedings of the 11th ACM Symposium on Cloud Computing},
  location     = {Virtual Event, USA},
  publisher    = {Association for Computing Machinery},
  address      = {New York, NY, USA},
  series       = {SoCC '20},
  pages        = {328–343},
  doi          = {10.1145/3419111.3421277},
  isbn         = 9781450381376,
  url          = {https://doi.org/10.1145/3419111.3421277},
  numpages     = 16
}
@article{Pons2019OnTF,
  title        = {{On the FaaS Track: Building Stateful Distributed Applications with Serverless Architectures}},
  author       = {Daniel Barcelona Pons and Marc S{\'a}nchez Artigas and Gerard Par{\'i}s and Pierre Sutra and Pedro Garc{\'i}a L{\'o}pez},
  year         = 2019,
  journal      = {Proceedings of the 20th International Middleware Conference},
  doi          = {10.1145/3361525.3361535},
  url          = {https://doi.org/10.1145/3361525.3361535}
}
@inproceedings{thalheimVMSHHypervisoragnosticGuest2022,
  title        = {{VMSH: Hypervisor-Agnostic Guest Overlays for VMs}},
  shorttitle   = {{{VMSH}}},
  author       = {Thalheim, J{\"o}rg and Okelmann, Peter and Unnibhavi, Harshavardhan and Gouicem, Redha and Bhatotia, Pramod},
  year         = 2022,
  month        = mar,
  booktitle    = {Proceedings of the {{Seventeenth European Conference}} on {{Computer Systems}}},
  publisher    = {ACM},
  address      = {Rennes France},
  pages        = {678--696},
  doi          = {10.1145/3492321.3519589},
  isbn         = {978-1-4503-9162-7},
  url          = {https://doi.org/10.1145/3492321.3519589},
  langid       = {english}
}
% Manque SotA scheduling %

% Ajouts %
@inbook{greenberger1962management,
  title        = {{Management and the Computer of the Future}},
  author       = {Greenberger, M. and Sloan School of Management and Massachusetts Institute of Technology. School of Industrial Management},
  year         = 1962,
  publisher    = {Published jointly by M.I.T. Press and Wiley, New York},
  pages        = {220--248},
  url          = {https://archive.org/details/managementcomput00gree/page/220/},
  lccn         = 62013234
}
@inproceedings{marshallElasticSiteUsing2010,
  title        = {{Elastic Site: Using Clouds to Elastically Extend Site Resources}},
  shorttitle   = {Elastic {{Site}}},
  author       = {Marshall, Paul and Keahey, Kate and Freeman, Tim},
  year         = 2010,
  booktitle    = {2010 10th {{IEEE}}/{{ACM International Conference}} on {{Cluster}}, {{Cloud}} and {{Grid Computing}}},
  publisher    = {IEEE},
  address      = {Melbourne, Australia},
  pages        = {43--52},
  doi          = {10.1109/CCGRID.2010.80},
  isbn         = {978-1-4244-6987-1},
  url          = {https://doi.org/10.1109/CCGRID.2010.80},
  langid       = {english}
}
@inproceedings{handaouiReLeaSERReinforcementLearning2020,
  title        = {{ReLeaSER: A Reinforcement Learning Strategy for Optimizing Utilization Of Ephemeral Cloud Resources}},
  shorttitle   = {{{ReLeaSER}}},
  author       = {Handaoui, Mohamed and Dartois, Jean-Emile and Boukhobza, Jalil and Barais, Olivier and {d'Orazio}, Laurent},
  year         = 2020,
  month        = dec,
  booktitle    = {2020 {{IEEE International Conference}} on {{Cloud Computing Technology}} and {{Science}} ({{CloudCom}})},
  publisher    = {IEEE},
  address      = {Bangkok, Thailand},
  pages        = {65--73},
  doi          = {10.1109/CloudCom49646.2020.00009},
  isbn         = {978-1-66540-388-7},
  url          = {https://doi.org/10.1109/CloudCom49646.2020.00009},
  langid       = {english}
}
@book{fehlingCloudComputingPatterns2014,
  title        = {{Cloud Computing Patterns}},
  author       = {Fehling, Christoph and Leymann, Frank and Retter, Ralph and Schupeck, Walter and Arbitter, Peter},
  year         = 2014,
  publisher    = {Springer Vienna},
  address      = {Vienna},
  doi          = {10.1007/978-3-7091-1568-8},
  isbn         = {978-3-7091-1567-1},
  url          = {https://doi.org/10.1007/978-3-7091-1568-8},
  langid       = {english}
}
@inproceedings{weissmanDesignForceCom2009,
  title        = {{The Design of the Force.Com Multitenant Internet Application Development Platform}},
  author       = {Weissman, Craig D. and Bobrowski, Steve},
  year         = 2009,
  month        = jun,
  booktitle    = {Proceedings of the 2009 {{ACM SIGMOD International Conference}} on {{Management}} of Data},
  publisher    = {ACM},
  address      = {Providence Rhode Island USA},
  pages        = {889--896},
  doi          = {10.1145/1559845.1559942},
  isbn         = {978-1-60558-551-2},
  url          = {https://doi.org/10.1145/1559845.1559942},
  langid       = {english}
}
@article{vaqueroLockingSkySurvey2011,
  title        = {{Locking the Sky: A Survey on IaaS Cloud Security}},
  shorttitle   = {Locking the Sky},
  author       = {Vaquero, Luis M. and {Rodero-Merino}, Luis and Mor{\'a}n, Daniel},
  year         = 2011,
  month        = jan,
  journal      = {Computing},
  volume       = 91,
  number       = 1,
  pages        = {93--118},
  doi          = {10.1007/s00607-010-0140-x},
  issn         = {0010-485X, 1436-5057},
  url          = {https://doi.org/10.1007/s00607-010-0140-x},
  langid       = {english}
}
@inproceedings{kivityKvmLinuxVirtual,
  title        = {{Kvm: The Linux Virtual Machine Monitor}},
  author       = {Kivity, Avi and Kamay, Yaniv and Laor, Dor},
  year         = 2007,
  booktitle    = {In Proceedings of the 2007 Ottawa Linux Symposium (OLS’-07},
  pages        = 8,
  url          = {https://www.kernel.org/doc/ols/2007/ols2007v1-pages-225-230.pdf},
  langid       = {english}
}
@article{leiteSurveyDevopsConceptsChallenges2019,
  title        = {{A Survey of DevOps Concepts and Challenges}},
  author       = {Leite, Leonardo and Rocha, Carla and Kon, Fabio and Milojicic, Dejan and Meirelles, Paulo},
  year         = 2019,
  month        = nov,
  journal      = {ACM Comput. Surv.},
  publisher    = {Association for Computing Machinery},
  address      = {New York, NY, USA},
  volume       = 52,
  number       = 6,
  doi          = {10.1145/3359981},
  issn         = {0360-0300},
  url          = {https://doi.org/10.1145/3359981},
  issue_date   = {November 2020},
  articleno    = 127,
  numpages     = 35
}
@inproceedings{almeidamoraisAutoflexServiceAgnostic2013,
  title        = {{Autoflex: Service Agnostic Auto-scaling Framework for IaaS Deployment Models}},
  shorttitle   = {Autoflex},
  author       = {Almeida Morais, Fabio Jorge and Vilar Brasileiro, Francisco and Vigolvino Lopes, Raquel and Araujo Santos, Ricardo and Satterfield, W. and Rosa, L.},
  year         = 2013,
  month        = may,
  booktitle    = {2013 13th {{IEEE}}/{{ACM International Symposium}} on {{Cluster}}, {{Cloud}}, and {{Grid Computing}}},
  publisher    = {IEEE},
  address      = {Delft},
  pages        = {42--49},
  doi          = {10.1109/CCGrid.2013.74},
  isbn         = {978-0-7695-4996-5},
  url          = {https://doi.org/10.1109/CCGrid.2013.74},
  langid       = {english}
}
@inproceedings{yallesRISCLESSReinforcementLearning,
  title        = {{RISCLESS: A Reinforcement Learning Strategy to Guarantee SLA on Cloud Ephemeral and Stable Resources}},
  author       = {Yalles, SidAhmed and Handaoui, Mohamed and Dartois, Jean-Emile and Barais, Olivier and d’Orazio, Laurent and Boukhobza, Jalil},
  year         = 2022,
  booktitle    = {2022 30th Euromicro International Conference on Parallel, Distributed and Network-based Processing (PDP)},
  pages        = {83--87},
  doi          = {10.1109/PDP55904.2022.00021},
  url          = {https://doi.org/10.1109/PDP55904.2022.00021}
}
@inproceedings{singhviAtollScalableLowLatency2021,
  title        = {{Atoll: A Scalable Low-Latency Serverless Platform}},
  shorttitle   = {Atoll},
  author       = {Singhvi, Arjun and Balasubramanian, Arjun and Houck, Kevin and Shaikh, Mohammed Danish and Venkataraman, Shivaram and Akella, Aditya},
  year         = 2021,
  month        = nov,
  booktitle    = {Proceedings of the {{ACM Symposium}} on {{Cloud Computing}}},
  publisher    = {ACM},
  address      = {Seattle WA USA},
  pages        = {138--152},
  doi          = {10.1145/3472883.3486981},
  isbn         = {978-1-4503-8638-8},
  url          = {https://doi.org/10.1145/3472883.3486981},
  langid       = {english}
}
@article{bentalebContainerizationTechnologiesTaxonomies2022,
  title        = {{Containerization Technologies: Taxonomies, Applications and Challenges}},
  shorttitle   = {Containerization Technologies},
  author       = {Bentaleb, Ouafa and Belloum, Adam S. Z. and Sebaa, Abderrazak and {El-Maouhab}, Aouaouche},
  year         = 2022,
  month        = jan,
  journal      = {The Journal of Supercomputing},
  volume       = 78,
  number       = 1,
  pages        = {1144--1181},
  doi          = {10.1007/s11227-021-03914-1},
  issn         = {0920-8542, 1573-0484},
  url          = {https://doi.org/10.1007/s11227-021-03914-1},
  langid       = {english}
}
@article{burckhardtNetheriteEfficientExecution,
  title        = {{Netherite: Efficient Execution of Serverless Workflows}},
  author       = {Burckhardt, Sebastian and Chandramouli, Badrish and Gillum, Chris and Justo, David and Kallas, Konstantinos and McMahon, Connor and Meiklejohn, Christopher S. and Zhu, Xiangfeng},
  year         = 2022,
  month        = apr,
  journal      = {Proc. VLDB Endow.},
  publisher    = {VLDB Endowment},
  volume       = 15,
  number       = 8,
  pages        = {1591–1604},
  doi          = {10.14778/3529337.3529344},
  issn         = {2150-8097},
  url          = {https://doi.org/10.14778/3529337.3529344},
  issue_date   = {April 2022},
  numpages     = 14
}
@inproceedings{jiaNightcoreEfficientScalable2021,
  title        = {{Nightcore: Efficient and Scalable Serverless Computing for Latency-Sensitive, Interactive Microservices}},
  author       = {Jia, Zhipeng and Witchel, Emmett},
  year         = 2021,
  booktitle    = {Proceedings of the 26th ACM International Conference on Architectural Support for Programming Languages and Operating Systems},
  location     = {Virtual, USA},
  publisher    = {Association for Computing Machinery},
  address      = {New York, NY, USA},
  series       = {ASPLOS '21},
  pages        = {152–166},
  doi          = {10.1145/3445814.3446701},
  isbn         = {9781450383172},
  url          = {https://doi.org/10.1145/3445814.3446701},
  numpages     = 15
}
@incollection{dragoniMicroservicesHowMake2018,
  title        = {{Microservices: How To Make Your Application Scale}},
  shorttitle   = {Microservices},
  author       = {Dragoni, Nicola and Lanese, Ivan and Larsen, Stephan Thordal and Mazzara, Manuel and Mustafin, Ruslan and Safina, Larisa},
  year         = 2018,
  booktitle    = {Perspectives of {{System Informatics}}},
  publisher    = {Springer International Publishing},
  address      = {Cham},
  volume       = 10742,
  pages        = {95--104},
  doi          = {10.1007/978-3-319-74313-4_8},
  isbn         = {978-3-319-74312-7},
  url          = {https://doi.org/10.1007/978-3-319-74313-4_8},
  editor       = {Petrenko, Alexander K. and Voronkov, Andrei},
  langid       = {english}
}
@incollection{mateiTransitionServerfullServerless2020,
  title        = {{Transition from Serverfull to Serverless Architecture in Cloud-Based Software Applications}},
  author       = {Matei, Oliviu and Skrzypek, Pawel and Heb, Robert and Moga, Alexandru},
  year         = 2020,
  booktitle    = {Software {{Engineering Perspectives}} in {{Intelligent Systems}}},
  publisher    = {Springer International Publishing},
  address      = {Cham},
  volume       = 1294,
  pages        = {304--314},
  doi          = {10.1007/978-3-030-63322-6_24},
  isbn         = {978-3-030-63321-9},
  url          = {https://doi.org/10.1007/978-3-030-63322-6_24},
  editor       = {Silhavy, Radek and Silhavy, Petr and Prokopova, Zdenka},
  langid       = {english}
}
@article{shahinContinuousIntegrationDelivery2017,
  title        = {{Continuous Integration, Delivery and Deployment: A Systematic Review on Approaches, Tools, Challenges and Practices}},
  shorttitle   = {Continuous {{Integration}}, {{Delivery}} and {{Deployment}}},
  author       = {Shahin, Mojtaba and Ali Babar, Muhammad and Zhu, Liming},
  year         = 2017,
  journal      = {IEEE Access},
  volume       = 5,
  pages        = {3909--3943},
  doi          = {10.1109/ACCESS.2017.2685629},
  issn         = {2169-3536},
  url          = {https://doi.org/10.1109/ACCESS.2017.2685629},
  langid       = {english}
}
@inproceedings{lloydImprovingApplicationMigration2018,
  title        = {{Improving Application Migration to Serverless Computing Platforms: Latency Mitigation with Keep-Alive Workloads}},
  shorttitle   = {Improving {{Application Migration}} to {{Serverless Computing Platforms}}},
  author       = {Lloyd, Wes and Vu, Minh and Zhang, Baojia and David, Olaf and Leavesley, George},
  year         = 2018,
  month        = dec,
  booktitle    = {2018 {{IEEE}}/{{ACM International Conference}} on {{Utility}} and {{Cloud Computing Companion}} ({{UCC Companion}})},
  publisher    = {IEEE},
  address      = {Zurich},
  pages        = {195--200},
  doi          = {10.1109/UCC-Companion.2018.00056},
  isbn         = {978-1-72810-359-4},
  url          = {https://doi.org/10.1109/UCC-Companion.2018.00056},
  langid       = {english}
}
@article{golecIFaaSBusSecurityPrivacyBased2022,
  title        = {{iFaaSBus: A Security- and Privacy-Based Lightweight Framework for Serverless Computing Using IoT and Machine Learning}},
  shorttitle   = {{{iFaaSBus}}},
  author       = {Golec, Muhammed and Ozturac, Ridvan and Pooranian, Zahra and Gill, Sukhpal Singh and Buyya, Rajkumar},
  year         = 2022,
  month        = may,
  journal      = {IEEE Transactions on Industrial Informatics},
  volume       = 18,
  number       = 5,
  pages        = {3522--3529},
  doi          = {10.1109/TII.2021.3095466},
  issn         = {1551-3203, 1941-0050},
  url          = {https://doi.org/10.1109/TII.2021.3095466},
  langid       = {english}
}
@inproceedings{villamizarEvaluatingMonolithicMicroservice2015,
  title        = {{Evaluating the Monolithic and the Microservice Architecture Pattern to Deploy Web Applications in the Cloud}},
  author       = {Villamizar, Mario and Garces, Oscar and Castro, Harold and Verano, Mauricio and Salamanca, Lorena and Casallas, Rubby and Gil, Santiago},
  year         = 2015,
  month        = sep,
  booktitle    = {2015 10th {{Computing Colombian Conference}} ({{10CCC}})},
  publisher    = {IEEE},
  address      = {Bogota, Colombia},
  pages        = {583--590},
  doi          = {10.1109/ColumbianCC.2015.7333476},
  isbn         = {978-1-4673-9464-2},
  url          = {https://doi.org/10.1109/ColumbianCC.2015.7333476},
  langid       = {english}
}
@article{atikoglu2012WorkloadAnalysis,
  title        = {{Workload Analysis of a Large-Scale Key-Value Store}},
  author       = {Atikoglu, Berk and Xu, Yuehai and Frachtenberg, Eitan and Jiang, Song and Paleczny, Mike},
  year         = 2012,
  month        = jun,
  journal      = {SIGMETRICS Perform. Eval. Rev.},
  publisher    = {Association for Computing Machinery},
  address      = {New York, NY, USA},
  volume       = 40,
  number       = 1,
  pages        = {53–64},
  doi          = {10.1145/2318857.2254766},
  issn         = {0163-5999},
  url          = {https://doi.org/10.1145/2318857.2254766},
  issue_date   = {June 2012},
  numpages     = 12
}
@inproceedings{rajesh2013Memcache,
  title        = {{Scaling Memcache at Facebook}},
  author       = {Rajesh Nishtala and Hans Fugal and Steven Grimm and Marc Kwiatkowski and Herman Lee and Harry C. Li and Ryan McElroy and Mike Paleczny and Daniel Peek and Paul Saab and David Stafford and Tony Tung and Venkateshwaran Venkataramani},
  year         = 2013,
  month        = apr,
  booktitle    = {10th USENIX Symposium on Networked Systems Design and Implementation (NSDI 13)},
  publisher    = {USENIX Association},
  address      = {Lombard, IL},
  pages        = {385--398},
  isbn         = {978-1-931971-00-3},
  url          = {https://www.usenix.org/conference/nsdi13/technical-sessions/presentation/nishtala}
}
@inproceedings{taibiPatternsServerlessFunctions2020,
  title        = {{Patterns for Serverless Functions (Function-as-a-Service): A Multivocal Literature Review:}},
  shorttitle   = {Patterns for {{Serverless Functions}} ({{Function-as-a-Service}})},
  author       = {Taibi, Davide and El Ioini, Nabil and Pahl, Claus and Niederkofler, Jan},
  year         = 2020,
  booktitle    = {Proceedings of the 10th {{International Conference}} on {{Cloud Computing}} and {{Services Science}}},
  publisher    = {SCITEPRESS - Science and Technology Publications},
  address      = {Prague, Czech Republic},
  pages        = {181--192},
  doi          = {10.5220/0009578501810192},
  isbn         = {978-989-758-424-4},
  url          = {https://doi.org/10.5220/0009578501810192},
  langid       = {english}
}
@inproceedings{mcgrathServerlessComputingDesign2017,
  title        = {{Serverless Computing: Design, Implementation, and Performance}},
  shorttitle   = {Serverless {{Computing}}},
  author       = {McGrath, Garrett and Brenner, Paul R.},
  year         = 2017,
  month        = jun,
  booktitle    = {2017 {{IEEE}} 37th {{International Conference}} on {{Distributed Computing Systems Workshops}} ({{ICDCSW}})},
  publisher    = {IEEE},
  address      = {Atlanta, GA, USA},
  pages        = {405--410},
  doi          = {10.1109/ICDCSW.2017.36},
  isbn         = {978-1-5386-3292-5},
  url          = {https://doi.org/10.1109/ICDCSW.2017.36},
  langid       = {english}
}
@inproceedings{baarziMeritsViabilityMultiCloud2021,
  title        = {{On Merits and Viability of Multi-Cloud Serverless}},
  author       = {Baarzi, Ataollah Fatahi and Kesidis, George and {Joe-Wong}, Carlee and Shahrad, Mohammad},
  year         = 2021,
  month        = nov,
  booktitle    = {Proceedings of the {{ACM Symposium}} on {{Cloud Computing}}},
  publisher    = {ACM},
  address      = {Seattle WA USA},
  pages        = {600--608},
  doi          = {10.1145/3472883.3487002},
  isbn         = {978-1-4503-8638-8},
  url          = {https://doi.org/10.1145/3472883.3487002},
  langid       = {english}
}
@inproceedings{mohanAgileColdStartsa,
  title        = {{Agile Cold Starts for Scalable Serverless}},
  author       = {Anup Mohan and Harshad Sane and Kshitij Doshi and Saikrishna Edupuganti and Naren Nayak and Vadim Sukhomlinov},
  year         = 2019,
  month        = jul,
  booktitle    = {11th USENIX Workshop on Hot Topics in Cloud Computing (HotCloud 19)},
  publisher    = {USENIX Association},
  address      = {Renton, WA},
  pages        = 6,
  url          = {https://www.usenix.org/conference/hotcloud19/presentation/mohan},
  langid       = {english}
}
@article{boukhobzaEmergingNvm,
  title        = {{Emerging NVM: A Survey on Architectural Integration and Research Challenges}},
  author       = {Boukhobza, Jalil and Rubini, St\'{e}phane and Chen, Renhai and Shao, Zili},
  year         = 2017,
  month        = nov,
  journal      = {ACM Trans. Des. Autom. Electron. Syst.},
  publisher    = {Association for Computing Machinery},
  address      = {New York, NY, USA},
  volume       = 23,
  number       = 2,
  doi          = {10.1145/3131848},
  issn         = {1084-4309},
  url          = {https://doi.org/10.1145/3131848},
  issue_date   = {March 2018},
  articleno    = 14,
  numpages     = 32
}
@book{boukhobzaFlashMemory,
  title        = {{Flash Memory Integration}},
  author       = {Boukhobza, Jalil and Olivier, Pierre},
  year         = 2017,
  month        = mar,
  publisher    = {ISTE Press - Elsevier},
  pages        = 266,
  url          = {https://www.elsevier.com/books/flash-memory-integration/boukhobza/978-1-78548-124-6},
  hal_id       = {hal-01557987},
  hal_version  = {v1}
}
@article{chikhaouiMultiobjectiveOptimizationData2021a,
  title        = {{Multi-Objective Optimization of Data Placement in a Storage-as-a-Service Federated Cloud}},
  author       = {Chikhaoui, Amina and Lemarchand, Laurent and Boukhalfa, Kamel and Boukhobza, Jalil},
  year         = 2021,
  month        = aug,
  journal      = {ACM Transactions on Storage},
  volume       = 17,
  number       = 3,
  pages        = {1--32},
  doi          = {10.1145/3452741},
  issn         = {1553-3077, 1553-3093},
  url          = {https://doi.org/10.1145/3452741},
  langid       = {english}
}
% Grey literature %
@techreport{cncf2018whitepaper,
  title        = {{CNCF WG-Serverless Whitepaper v1.0}},
  author       = {Owens, Ken},
  year         = 2018,
  institution  = {Cloud Native Computing Foundation}
}
@online{martinfowler2014microservices,
  title        = {{Microservices}},
  author       = {Fowler, Martin and Lewis, James},
  year         = 2014,
  url          = {http://martinfowler.com/articles/microservices.html}
}
@online{mikeroberts2018serverless,
  title        = {{Serverless Architectures}},
  author       = {Roberts, Mike},
  year         = 2018,
  url          = {https://martinfowler.com/articles/serverless.html}
}
@online{jonreeve2018kubernetes,
  title        = {{Kubernetes: A Cloud (and Data Center) Operating System?}},
  author       = {Reeve, Jon},
  year         = 2018,
  url          = {https://blogs.oracle.com/cloud-infrastructure/post/kubernetes-a-cloud-and-data-center-operating-system}
}
@online{zomer2022containers,
  title        = {{Escaping privileged containers for fun}},
  author       = {Zomer, Jordy},
  year         = 2022,
  url          = {https://pwning.systems/posts/escaping-containers-for-fun/}
}
@online{redhat2019containers,
  title        = {{Basic security principles for containers and container runtimes}},
  author       = {Baude, Brent},
  year         = 2019,
  url          = {https://www.redhat.com/sysadmin/basic-security-principles-containers}
}
@online{cncf2021report,
  title        = {{New SlashData report: 5.6 million developers use Kubernetes, an increase of 67\% over one year}},
  author       = {Cloud Native Computing Foundation},
  year         = 2021,
  url          = {https://www.cncf.io/blog/2021/12/20/new-slashdata-report-5-6-million-developers-use-kubernetes-an-increase-of-67-over-one-year/}
}
@online{oreilly2020adoption,
  title        = {{Cloud Adoption in 2020}},
  author       = {Magoulas, Roger and Swoyer, Steve},
  year         = 2020,
  url          = {https://www.oreilly.com/radar/cloud-adoption-in-2020/}
}
@online{serverless2018survey,
  title        = {{2018 Serverless Community Survey: huge growth in serverless usage}},
  author       = {Passwater, Andrea},
  year         = 2018,
  url          = {https://www.serverless.com/blog/2018-serverless-community-survey-huge-growth-usage/}
}
@online{ionescu2022scaling,
  title        = {{Scaling containers on AWS in 2022}},
  author       = {Ionescu, Vlad},
  year         = 2022,
  url          = {https://www.vladionescu.me/posts/scaling-containers-on-aws-in-2022/}
}
@online{aws-lambda-scaling,
  title        = {{Lambda function scaling}},
  author       = {Amazon Web Services},
  year         = 2022,
  url          = {https://docs.aws.amazon.com/lambda/latest/dg/invocation-scaling.html}
}
@online{fly-machines,
  title        = {{Fly Machines: An API for Fast-booting VMs}},
  author       = {Mackey, Kurt},
  year         = 2022,
  url          = {https://fly.io/blog/fly-machines/}
}
@online{cloudflare-d1,
  title        = {{Announcing D1: our first SQL database}},
  author       = {Cloudflare},
  year         = 2022,
  url          = {https://blog.cloudflare.com/introducing-d1/}
}
@online{google-cloud-tpu,
  title        = {{Cloud TPU VMs are generally available}},
  author       = {Google Cloud},
  year         = 2022,
  url          = {https://cloud.google.com/blog/products/compute/cloud-tpu-vms-are-generally-available}
}
@online{holori-gcp-calculator,
  title        = {{Holori GCP Pricing Calculator}},
  author       = {Holori},
  year         = 2022,
  url          = {https://holori.com/gcp-pricing-calculator/}
}
@online{jeffreyd2022aws,
  title        = {{Baby's First AWS Deployment}},
  author       = {D., Jeffrey},
  year         = 2022,
  url          = {https://blog.verygoodsoftwarenotvirus.ru/posts/babys-first-aws/}
}
@online{mitchell2022serverless,
  title        = {{After 5 years, I'm out of the serverless compute cult}},
  author       = {Mitchell, Brent},
  year         = 2022,
  url          = {https://dev.to/brentmitchell/after-5-years-im-out-of-the-serverless-compute-cult-3f6d}
}
% Review %
@article{gillAINextGeneration2022a,
  title        = {{AI for next Generation Computing: Emerging Trends and Future Directions}},
  shorttitle   = {{{AI}} for next Generation Computing},
  author       = {Gill, Sukhpal Singh and Xu, Minxian and Ottaviani, Carlo and Patros, Panos and Bahsoon, Rami and Shaghaghi, Arash and Golec, Muhammed and Stankovski, Vlado and Wu, Huaming and Abraham, Ajith and Singh, Manmeet and Mehta, Harshit and Ghosh, Soumya K. and Baker, Thar and Parlikad, Ajith Kumar and Lutfiyya, Hanan and Kanhere, Salil S. and Sakellariou, Rizos and Dustdar, Schahram and Rana, Omer and Brandic, Ivona and Uhlig, Steve},
  year         = 2022,
  month        = aug,
  journal      = {Internet of Things},
  volume       = 19,
  pages        = 100514,
  doi          = {10.1016/j.iot.2022.100514},
  issn         = 25426605,
  url          = {https://doi.org/10.1016/j.iot.2022.100514},
  langid       = {english}
}
@inproceedings{dartoisCuckooOpportunisticMapReduce2019,
  title        = {{Cuckoo: Opportunistic MapReduce on Ephemeral and Heterogeneous Cloud Resources}},
  shorttitle   = {Cuckoo},
  author       = {Dartois, Jean-Emile and B. Ribeiro, Heverson and Boukhobza, Jalil and Barais, Olivier},
  year         = 2019,
  month        = jul,
  booktitle    = {2019 {{IEEE}} 12th {{International Conference}} on {{Cloud Computing}} ({{CLOUD}})},
  publisher    = {IEEE},
  address      = {Milan, Italy},
  pages        = {396--403},
  doi          = {10.1109/CLOUD.2019.00070},
  isbn         = {978-1-72812-705-7},
  url          = {https://doi.org/10.1109/CLOUD.2019.00070},
  langid       = {english}
}
@inproceedings{elsakhawyFaaS2FFrameworkDefining2020,
  title        = {{FaaS2F: A Framework for Defining Execution-SLA in Serverless Computing}},
  shorttitle   = {{{FaaS2F}}},
  author       = {Elsakhawy, Mohamed and Bauer, Michael},
  year         = 2020,
  month        = oct,
  booktitle    = {2020 {{IEEE Cloud Summit}}},
  publisher    = {IEEE},
  address      = {Harrisburg, PA, USA},
  pages        = {58--65},
  doi          = {10.1109/IEEECloudSummit48914.2020.00015},
  isbn         = {978-1-72818-266-7},
  url          = {https://doi.org/10.1109/IEEECloudSummit48914.2020.00015},
  langid       = {english}
}
@inproceedings{buyyaSLAorientedResourceProvisioning2011,
  title        = {{SLA-oriented Resource Provisioning for Cloud Computing: Challenges, Architecture, and Solutions}},
  shorttitle   = {{{SLA-oriented}} Resource Provisioning for Cloud Computing},
  author       = {Buyya, Rajkumar and Garg, Saurabh Kumar and Calheiros, Rodrigo N.},
  year         = 2011,
  month        = dec,
  booktitle    = {2011 {{International Conference}} on {{Cloud}} and {{Service Computing}}},
  publisher    = {IEEE},
  address      = {Hong Kong, China},
  pages        = {1--10},
  doi          = {10.1109/CSC.2011.6138522},
  isbn         = {978-1-4577-1637-9},
  url          = {https://doi.org/10.1109/CSC.2011.6138522},
  langid       = {english},
}
@inproceedings{gujaratiSwayamDistributedAutoscaling2017,
  title        = {{Swayam: Distributed Autoscaling to Meet SLAs of Machine Learning Inference Services with Resource Efficiency}},
  shorttitle   = {Swayam},
  author       = {Gujarati, Arpan and Elnikety, Sameh and He, Yuxiong and McKinley, Kathryn S. and Brandenburg, Bj{\"o}rn B.},
  year         = 2017,
  month        = dec,
  booktitle    = {Proceedings of the 18th {{ACM}}/{{IFIP}}/{{USENIX Middleware Conference}}},
  publisher    = {ACM},
  address      = {Las Vegas Nevada},
  pages        = {109--120},
  doi          = {10.1145/3135974.3135993},
  isbn         = {978-1-4503-4720-4},
  url          = {https://doi.org/10.1145/3135974.3135993},
  langid       = {english}
}
@inproceedings{choSLADrivenMLInference,
  title        = {{SLA-Driven ML Inference Framework for Clouds With Heterogeneous Accelerators}},
  author       = {Cho, Junguk and Tootaghaj, Diman Zad and Cao, Lianjie and Sharma, Puneet},
  year         = 2022,
  journal      = {Proceedings of Machine Learning and Systems},
  volume       = 4,
  pages        = 13,
  pages        = {20--32},
  langid       = {english}
}
@inproceedings{chahalSLAawareWorkloadScheduling2020,
  title        = {{SLA-aware Workload Scheduling Using Hybrid Cloud Services}},
  author       = {Chahal, Dheeraj and Palepu, Surya and Mishra, Mayank and Singhal, Rekha},
  year         = 2020,
  month        = jun,
  booktitle    = {Proceedings of the 1st {{Workshop}} on {{High Performance Serverless Computing}}},
  publisher    = {ACM},
  address      = {Virtual Event Sweden},
  pages        = {1--4},
  doi          = {10.1145/3452413.3464789},
  isbn         = {978-1-4503-8388-2},
  url          = {https://doi.org/10.1145/3452413.3464789},
  langid       = {english}
}
@inproceedings{schulerAIbasedResourceAllocation2021,
  title        = {{AI-based Resource Allocation: Reinforcement Learning for Adaptive Auto-scaling in Serverless Environments}},
  shorttitle   = {{{AI-based Resource Allocation}}},
  author       = {Schuler, Lucia and Jamil, Somaya and Kuhl, Niklas},
  year         = 2021,
  month        = may,
  booktitle    = {2021 {{IEEE}}/{{ACM}} 21st {{International Symposium}} on {{Cluster}}, {{Cloud}} and {{Internet Computing}} ({{CCGrid}})},
  publisher    = {IEEE},
  address      = {Melbourne, Australia},
  pages        = {804--811},
  doi          = {10.1109/CCGrid51090.2021.00098},
  isbn         = {978-1-72819-586-5},
  url          = {https://doi.org/10.1109/CCGrid51090.2021.00098},
  langid       = {english}
}
@article{chaurasiaComprehensiveSurveyEnergyaware2021,
  title        = {{Comprehensive Survey on Energy-Aware Server Consolidation Techniques in Cloud Computing}},
  author       = {Chaurasia, Nisha and Kumar, Mohit and Chaudhry, Rashmi and Verma, Om Prakash},
  year         = 2021,
  month        = oct,
  journal      = {The Journal of Supercomputing},
  volume       = 77,
  number       = 10,
  pages        = {11682--11737},
  doi          = {10.1007/s11227-021-03760-1},
  issn         = {0920-8542, 1573-0484},
  url          = {https://doi.org/10.1007/s11227-021-03760-1},
  langid       = {english}
}
@article{shahradServerlessWildCharacterizing,
  title        = {{Serverless in the Wild: Characterizing and Optimizing the Serverless Workload at a Large Cloud Provider}},
  author       = {Shahrad, Mohammad and Fonseca, Rodrigo and Goiri, {\'I}{\~n}igo and Chaudhry, Gohar and Batum, Paul and Cooke, Jason and Laureano, Eduardo and Tresness, Colby and Russinovich, Mark and Bianchini, Ricardo},
  year         = 2020,
  booktitle    = {Proceedings of the 2020 USENIX Conference on Usenix Annual Technical Conference},
  publisher    = {USENIX Association},
  address      = {USA},
  series       = {USENIX ATC'20},
  pages        = 14,
  isbn         = {978-1-939133-14-4},
  url          = {https://www.usenix.org/conference/atc20/presentation/shahrad},
  langid       = {english},
  articleno    = 14,
  numpages     = 14
}
@inproceedings{liuHierarchicalFrameworkCloud2017,
  title        = {{A Hierarchical Framework of Cloud Resource Allocation and Power Management Using Deep Reinforcement Learning}},
  author       = {Liu, Ning and Li, Zhe and Xu, Jielong and Xu, Zhiyuan and Lin, Sheng and Qiu, Qinru and Tang, Jian and Wang, Yanzhi},
  year         = 2017,
  month        = jun,
  booktitle    = {2017 {{IEEE}} 37th {{International Conference}} on {{Distributed Computing Systems}} ({{ICDCS}})},
  publisher    = {IEEE},
  address      = {Atlanta, GA, USA},
  pages        = {372--382},
  doi          = {10.1109/ICDCS.2017.123},
  isbn         = {978-1-5386-1792-2},
  url          = {https://doi.org/10.1109/ICDCS.2017.123},
  langid       = {english}
}
@inproceedings{zhangNarrowingGapServerless2019,
  title        = {{Narrowing the Gap Between Serverless and Its State with Storage Functions}},
  author       = {Zhang, Tian and Xie, Dong and Li, Feifei and Stutsman, Ryan},
  year         = 2019,
  month        = nov,
  booktitle    = {Proceedings of the {{ACM Symposium}} on {{Cloud Computing}}},
  publisher    = {ACM},
  address      = {Santa Cruz CA USA},
  pages        = {1--12},
  doi          = {10.1145/3357223.3362723},
  isbn         = {978-1-4503-6973-2},
  url          = {https://doi.org/10.1145/3357223.3362723},
  langid       = {english}
}
@conference{barbalaceComputationalStorageWhere,
  title        = {{Computational Storage: Where Are We Today?}},
  author       = {Barbalace, Antonio and Do, Jaeyoung},
  year         = 2021,
  month        = jan,
  day          = 11,
  booktitle    = {CIDR},
  pages        = 6,
  url          = {http://cidrdb.org/cidr2021/index.html},
  note         = {Conference on Innovative Data Systems Research 2020, CIDR 2020 ; Conference date: 11-01-2021 Through 15-01-2021},
  language     = {English},
  langid       = {english}
}
@article{masanetRecalibratingGlobalData2020,
  title        = {{Recalibrating Global Data Center Energy-Use Estimates}},
  author       = {Masanet, Eric and Shehabi, Arman and Lei, Nuoa and Smith, Sarah and Koomey, Jonathan},
  year         = 2020,
  month        = feb,
  journal      = {Science},
  volume       = 367,
  number       = 6481,
  pages        = {984--986},
  doi          = {10.1126/science.aba3758},
  issn         = {0036-8075, 1095-9203},
  url          = {https://doi.org/10.1126/science.aba3758},
  langid       = {english}
}
@article{lopesTaxonomyJobScheduling2016b,
  title        = {{A Taxonomy of Job Scheduling on Distributed Computing Systems}},
  author       = {Lopes, Raquel V. and Menasce, Daniel},
  year         = 2016,
  month        = dec,
  journal      = {IEEE Transactions on Parallel and Distributed Systems},
  volume       = 27,
  number       = 12,
  pages        = {3412--3428},
  doi          = {10.1109/TPDS.2016.2537821},
  issn         = {1045-9219},
  url          = {https://doi.org/10.1109/TPDS.2016.2537821},
  langid       = {english}
}
@article{soniMachineLearningTechniques2022,
  title        = {{Machine Learning Techniques in Emerging Cloud Computing Integrated Paradigms: A Survey and Taxonomy}},
  shorttitle   = {Machine Learning Techniques in Emerging Cloud Computing Integrated Paradigms},
  author       = {Soni, Dinesh and Kumar, Neetesh},
  year         = 2022,
  month        = sep,
  journal      = {Journal of Network and Computer Applications},
  volume       = 205,
  pages        = 103419,
  doi          = {10.1016/j.jnca.2022.103419},
  issn         = 10848045,
  url          = {https://doi.org/10.1016/j.jnca.2022.103419},
  langid       = {english}
}
@article{shawApplyingReinforcementLearning2022,
  title        = {{Applying Reinforcement Learning towards Automating Energy Efficient Virtual Machine Consolidation in Cloud Data Centers}},
  author       = {Shaw, Rachael and Howley, Enda and Barrett, Enda},
  year         = 2022,
  journal      = {Information Systems},
  pages        = 21,
  doi          = {10.1016/j.is.2021.101722},
  url          = {https://doi.org/10.1016/j.is.2021.101722},
  langid       = {english}
}
@article{puvianiSelfManagementCloudComputing2013,
  title        = {{Self-Management for Cloud Computing}},
  author       = {Puviani, Mariachiara and Frei, Regina},
  year         = 2013,
  journal      = {Science and Information Conference},
  pages        = 7,
  url          = {https://ieeexplore.ieee.org/document/6661855?arnumber=6661855},
  langid       = {english}
}
@article{koomey2011Growth,
  title        = {{Growth in data center electricity use 2005 to 2010}},
  author       = {Koomey, Jonathan G.},
  year         = 2011,
  journal      = {Analytics Press for the New York Times},
  url          = {https://www.koomey.com/post/8323374335}
}
@article{andraeGlobalElectricityUsage2015,
  title        = {{On Global Electricity Usage of Communication Technology: Trends to 2030}},
  shorttitle   = {On {{Global Electricity Usage}} of {{Communication Technology}}},
  author       = {Andrae, Anders and Edler, Tomas},
  year         = 2015,
  month        = apr,
  journal      = {Challenges},
  volume       = 6,
  number       = 1,
  pages        = {117--157},
  doi          = {10.3390/challe6010117},
  issn         = {2078-1547},
  url          = {https://doi.org/10.3390/challe6010117},
  langid       = {english}
}
% URLs %
@online{spec-rg,
  keywords     = {secondary},
  title        = {{SPEC Research Group}},
  author       = {SPEC Research Group},
  year         = 2022,
  url          = {https://research.spec.org/},
  urldate      = {2022-10-03}
}
@online{kubernetes,
  title        = {{Kubernetes}},
  author       = {Cloud Native Computing Foundation},
  year         = 2022,
  url          = {https://kubernetes.io/},
  urldate      = {2022-10-03}
}
@online{kubevirt,
  title        = {{Kubevirt}},
  author       = {Cloud Native Computing Foundation},
  year         = 2022,
  url          = {http://kubevirt.io/},
  urldate      = {2022-10-03}
}
@online{elasticache,
  title        = {{Amazon ElastiCache}},
  author       = {Amazon Web Services},
  year         = 2022,
  url          = {https://aws.amazon.com/elasticache/},
  urldate      = {2022-09-30}
}
@online{esxi,
  title        = {{ESXi}},
  author       = {VMware},
  year         = 2022,
  url          = {https://www.vmware.com/products/esxi-and-esx.html},
  urldate      = {2022-09-30}
}
@online{kvm,
  title        = {{KVM}},
  author       = {Linux Kernel},
  year         = 2022,
  url          = {https://www.linux-kvm.org/page/Main_Page},
  urldate      = {2022-09-30}
}
@online{xen,
  title        = {{Xen Project}},
  author       = {Linux Foundation Projects},
  year         = 2022,
  url          = {https://xenproject.org/},
  urldate      = {2022-09-30}
}
@online{hyper-v,
  title        = {{Introduction to Hyper-V on Windows}},
  author       = {Microsoft},
  year         = 2022,
  url          = {https://learn.microsoft.com/en-us/virtualization/hyper-v-on-windows/about/},
  urldate      = {2022-09-30}
}
@online{qemu,
  title        = {{QEMU}},
  author       = {QEMU team},
  year         = 2022,
  url          = {https://www.qemu.org/},
  urldate      = {2022-09-30}
}
@online{virtualbox,
  title        = {{VirtualBox}},
  author       = {Oracle},
  year         = 2022,
  url          = {https://www.virtualbox.org/},
  urldate      = {2022-09-30}
}
@online{docker,
  title        = {{Docker}},
  author       = {Docker Inc.},
  year         = 2022,
  url          = {https://www.docker.com/},
  urldate      = {2022-09-30}
}
@online{oci,
  title        = {{Open Container Initiative}},
  author       = {Linux Foundation Projects},
  year         = 2022,
  url          = {https://opencontainers.org/},
  urldate      = {2022-09-30}
}
@online{linuxfoundation,
  title        = {{Linux Foundation}},
  author       = {The Linux Foundation},
  year         = 2022,
  url          = {https://www.linuxfoundation.org/},
  urldate      = {2022-09-30}
}
@online{cncf,
  title        = {{Cloud Native Computing Foundation}},
  author       = {Cloud Native Computing Foundation},
  year         = 2022,
  url          = {https://www.cncf.io/},
  urldate      = {2022-09-30}
}
@online{12factor,
  title        = {{The Twelve-Factor App}},
  author       = {Wiggins, Adam},
  year         = 2017,
  url          = {https://12factor.net/},
  urldate      = {2022-09-30}
}
@online{azure-durable-functions,
  title        = {{What are Durable Functions?}},
  author       = {Microsoft},
  year         = 2022,
  url          = {https://learn.microsoft.com/en-us/azure/azure-functions/durable/durable-functions-overview},
  urldate      = {2022-10-05}
}
@online{aws-step-functions,
  title        = {{AWS Step Functions}},
  author       = {Amazon Web Services},
  year         = 2022,
  url          = {https://aws.amazon.com/step-functions/},
  urldate      = {2022-10-05}
}
@online{google-workflows,
  title        = {{Google Workflows}},
  author       = {Google},
  year         = 2022,
  url          = {https://cloud.google.com/workflows/},
  urldate      = {2022-10-05}
}
@online{alibaba-function-compute,
  title        = {{Alibaba Function Compute}},
  author       = {Alibaba},
  year         = 2022,
  url          = {https://www.alibabacloud.com/product/function-compute}
}
@online{aws-lambda,
  title        = {{AWS Lambda}},
  author       = {Amazon Web Services},
  year         = 2022,
  url          = {https://aws.amazon.com/lambda/}
}
@online{azure-functions,
  title        = {{Azure Functions}},
  author       = {Microsoft},
  year         = 2022,
  url          = {https://azure.microsoft.com/products/functions/}
}
@online{google-cloud-functions,
  title        = {{Google Cloud Functions}},
  author       = {Google},
  year         = 2022,
  url          = {https://cloud.google.com/functions/}
}
@online{ibm-cloud-functions,
  title        = {{IBM Cloud Functions}},
  author       = {IBM},
  year         = 2022,
  url          = {https://cloud.ibm.com/functions/}
}
@online{oracle-cloud-functions,
  title        = {{Oracle Cloud Functions}},
  author       = {Oracle},
  year         = 2022,
  url          = {https://www.oracle.com/cloud/cloud-native/functions/}
}
@online{github,
  title        = {{GitHub}},
  author       = {Microsoft},
  year         = 2022,
  url          = {https://github.com/}
}
@online{openwhisk,
  title        = {{OpenWhisk}},
  author       = {Apache},
  year         = 2022,
  url          = {https://openwhisk.apache.org/}
}
@online{fission,
  title        = {{Fission}},
  author       = {Fission Project},
  year         = 2022,
  url          = {https://fission.io/}
}
@online{fn,
  title        = {{Fn}},
  author       = {Oracle},
  year         = 2022,
  url          = {https://fnproject.io/}
}
@online{knative,
  title        = {{Knative}},
  author       = {Cloud Native Computing Foundation},
  year         = 2022,
  url          = {https://knative.dev/}
}
@online{openfaas,
  title        = {{OpenFaaS}},
  author       = {VMware},
  year         = 2022,
  url          = {https://www.openfaas.com/}
}
@online{gvisor,
  title        = {{gVisor}},
  author       = {Google},
  year         = 2022,
  url          = {https://gvisor.dev/}
}
